%%% Références de la partie II.

@Manual{UL:latex:1,
  title = 	 {Rédaction de thèses et de mémoires avec {\LaTeX} --- Partie I},
  author = 	 {Vincent Goulet},
  organization = {Université Laval},
  year = 	 2015,
  language = 	 {francais}
}

@Manual{UL:latex:2,
  title = 	 {Rédaction de thèses et de mémoires avec {\LaTeX} --- Partie II},
  author = 	 {Vincent Goulet},
  organization = {Université Laval},
  year = 	 2015,
  language = 	 {francais}
}

@Misc{graphicx,
  author = 	 {David Carlisle and {The \LaTeX3\ Project}},
  title = 	 {Packages in the `graphics' bundle},
  year = 	 2014,
  url = 	 {http://www.ctan.org/pkg/graphics/},
  language = 	 {english}
}

@Book{Kopka:latex:4e,
  author = 	 {Kopka, Helmut and Daly, Patrick W.},
  title = 	 {Guide to {\LaTeX}},
  publisher = 	 {Addison-Wesley},
  year = 	 2003,
  edition = 	 4,
  isbn = 	 {978-0321173850},
  language = 	 {english}
}

@Book{memoir,
  author = 	 {Peter Wilson},
  title = 	 {The Memoir Class for Configurable Typesetting},
  publisher = 	 {The Herries Press},
  year = 	 2013,
  edition = 	 8,
  note = 	 {Maintained by Lars Madsen},
  url = 	 {http://www.ctan.org/pkg/memoir/}
}

@Article{Mittelbach:floats:2014,
  author = 	 {Frank Mittelbach},
  title = 	 {How to influence the position of float environments like figure and table in {\LaTeX}?},
  journal = 	 {{TUG}boat},
  year = 	 2014,
  volume = 	 35,
  number = 	 3,
  pages = 	 {258-254},
  language = 	 {english}}

@Misc{pdfpages,
  author = 	 {Andreas Matthias},
  title = 	 {The \pkg{pdfpages} Package},
  year = 	 2015,
  url = 	 {http://www.ctan.org/pkg/pdfpages/},
  language = 	 {english}
}

@Misc{pstricks,
  author = 	 {Timothy {V}an Zandt and Denis Girou and Herbert Vo{\ss}},
  title = 	 {{PSTricks} --- {PostScript} Macros for Generic {\TeX}},
  year = 	 2014,
  url = 	 {http://www.ctan.org/pkg/pstricks-base/},
  language = 	 {english}
}

@Misc{tikz,
  author = 	 {Till Tantau},
  title = 	 {\textsc{pgf} and {Ti\textit{k}Z} --- {G}raphic system for {\TeX}},
  year = 	 2014,
  url = 	 {http://www.ctan.org/pkg/pgf/},
  language = 	 {english}
}

@Misc{wikilivres:latex,
  author = 	 {Wikilivres},
  title = 	 {{LaTeX} --- {W}ikilivres},
  year = 	 2015,
  url = 	 {http://fr.wikibooks.org/wiki/LaTeX},
  language =	 {francais}
}

@Misc{wikibooks:latex,
  author = 	 {Wikibooks},
  title = 	 {{LaTeX} --- {W}ikibooks},
  year = 	 2015,
  url = 	 {http://en.wikibooks.org/wiki/LaTeX},
  language =	 {english}
}


%%% Les références ci-dessous servent pour les exercices et les démos.

@Manual{ASCII,
  title = 	 {ANSI X3.4-1986: Coded Character Set. 7-Bit
                  {A}merican {S}tandard {C}ode for {I}nformation
                  {I}nterchange},
  organization = {{A}merican {N}ational {S}tandards {I}nstitute},
  key = 	 {{ANSI}},
  address = 	 {New York},
  year = 	 1986,
  language =	 {english}
}

@Book{Burden:numerical:2011,
  author =	 {Burden, R. L. and Faires, J. D.},
  title =	 {Numerical Analysis},
  publisher =	 {Brooks/Cole},
  year =	 {2011},
  edition =	 9,
  isbn = 	 {978-0-5387335-1-9},
  language =	 {english}
}

@Manual{IEEE:754,
  title = 	 {754-1985 {IEEE} Standard for Binary Floating-Point
                  Arithmetic},
  key = 	 {{IEEE}},
  organization = {{IEEE}},
  address = 	 {Piscataway, NJ},
  year = 	 2003,
  isbn = 	 {978-1-55937653-2},
  language =	 {english}
}

@Manual{ISO:8859-1,
  title = 	 {{ISO/IEC} 8859-1:1998. Information Technology -- 8-bit
                  Single-Byte Coded Graphic Character Sets -- {P}art 1:
                  Latin Alphabet No. 1},
  organization = {{I}nternational {O}rganization for {S}tandardization},
  key = 	 {{ISO}},
  address = 	 {Geneva},
  year = 	 1998,
  language =	 {english}
}

@Book{Kernighan:style:1978,
  author = 	 {Kernighan, B. W. and Plauger, P. J.},
  title = 	 {The Elements of Programming Style},
  publisher = 	 {McGraw-Hill},
  year = 	 1978,
  edition = 	 2,
  isbn = 	 {ISBN 0-07034207-5},
  language =	 {english}
}

@Book{Knuth:ACP:vol2:1997,
  author =	 {Knuth, D. E.},
  title = 	 {The Art of Computer Programming},
  publisher = 	 {Addison-Wesley},
  year = 	 1997,
  volume =	 {2, Seminumerical Algorithms},
  address =	 {Reading, MA},
  language =	 {english}
}

@Book{Monahan:numstat:2001,
  author =	 {Monahan, J. F.},
  title =	 {Numerical Methods of Statistics},
  publisher =	 {Cambridge {U}niversity {P}ress},
  year =	 2001,
  address =	 {Cambridge, UK},
  isbn =	 {0-52179168-5},
  language =	 {english}
}

@Article{Ripley:Rnews:2005a,
  author = 	 {Brian D. Ripley},
  title = 	 {Internationalization Features of {R} 2.1.0},
  journal = 	 {R News},
  year = 	 2005,
  volume = 	 5,
  number = 	 1,
  pages = 	 {2--7},
  month = 	 {May},
  url = 	 {http://cran.r-project.org/doc/Rnews/},
  pdf = 	 {http://cran.r-project.org/doc/Rnews/Rnews_2005-1.pdf},
  language =	 {english}
}

@Book{Unicode:5.0,
  author = 	 {The {U}nicode {C}onsortium},
  title = 	 {The Unicode Standard, Version 5.0.0},
  publisher = 	 {Addison-Wesley},
  year = 	 2007,
  address = 	 {Boston},
  isbn = 	 {0-32148091-0}
}

@Misc{Wikipedia:IEEE754,
  author = 	 {Wikipedia},
  title =  	 {{IEEE} 754-2008 --- {W}ikipedia{,}
                  The Free Encyclopedia},
  year =  	 2012,
  url =  	 {http://en.wikipedia.org/wiki/IEEE_floating-point_standard},
  language =	 {english}
}

